@Book{Sakai,
  author =	"{酒井 聡樹}",
  title  = 	"{これから論文を書く若者のために}", 
  publisher =	"{共立出版}",
  year   =	 2002
}
